
@book{kunath_reelle_2022,
	address = {Berlin, Heidelberg},
	title = {Reelle {Matrizen}, {Vektoren} und lineare {Abbildungen}: {Ein} kompakter Überblick mit {Aufgabensammlung}},
	copyright = {https://www.springer.com/tdm},
	isbn = {978-3-662-65628-0 978-3-662-65629-7},
	shorttitle = {Reelle {Matrizen}, {Vektoren} und lineare {Abbildungen}},
	url = {https://link.springer.com/10.1007/978-3-662-65629-7},
	language = {de},
	urldate = {2025-01-28},
	publisher = {Springer Berlin Heidelberg},
	author = {Kunath, Jens},
	year = {2022},
	doi = {10.1007/978-3-662-65629-7},
	annote = {Seite 69 - positive Definitheit von Matrizen

},
}

@misc{shewchuk_introduction_1994,
	title = {An {Introduction} to the {Conjugate} {Gradient} {Method} {Without} the {Agonizing} {Pain}},
	url = {https://www.cs.cmu.edu/~quake-papers/painless-conjugate-gradient.pdf},
	language = {en},
	author = {Shewchuk, Jonath Richardan},
	month = aug,
	year = {1994},
}

@book{epstein_partial_2017,
	address = {Cham},
	series = {Mathematical {Engineering}},
	title = {Partial {Differential} {Equations}},
	copyright = {http://www.springer.com/tdm},
	isbn = {978-3-319-55211-8 978-3-319-55212-5},
	url = {http://link.springer.com/10.1007/978-3-319-55212-5},
	urldate = {2025-02-07},
	publisher = {Springer International Publishing},
	author = {Epstein, Marcelo},
	year = {2017},
	doi = {10.1007/978-3-319-55212-5},
	annote = {Seite 115 - typische Form partieller Differentialgleichungen zweiter Ordnung
},
}

@book{ferziger_computational_2020,
	address = {Cham},
	title = {Computational {Methods} for {Fluid} {Dynamics}},
	copyright = {http://www.springer.com/tdm},
	isbn = {978-3-319-99691-2 978-3-319-99693-6},
	url = {http://link.springer.com/10.1007/978-3-319-99693-6},
	language = {en},
	urldate = {2025-02-09},
	publisher = {Springer International Publishing},
	author = {Ferziger, Joel H. and Perić, Milovan and Street, Robert L.},
	year = {2020},
	doi = {10.1007/978-3-319-99693-6},
}

@book{lecheler_computational_2022,
	address = {Wiesbaden},
	title = {Computational {Fluid} {Dynamics}: {Getting} {Started} {Quickly} {With} {ANSYS} {CFX} 18 {Through} {Simple} {Examples}},
	copyright = {https://www.springernature.com/gp/researchers/text-and-data-mining},
	isbn = {978-3-658-38452-4 978-3-658-38453-1},
	shorttitle = {Computational {Fluid} {Dynamics}},
	url = {https://link.springer.com/10.1007/978-3-658-38453-1},
	language = {en},
	urldate = {2025-02-10},
	publisher = {Springer Fachmedien Wiesbaden},
	author = {Lecheler, Stefan},
	year = {2022},
	doi = {10.1007/978-3-658-38453-1},
	annote = {Seite 51 f. - zentrale Approximationen besser, akkurater

},
}
