
@book{kunath_reelle_2022,
	location = {Berlin, Heidelberg},
	title = {Reelle Matrizen, Vektoren und lineare Abbildungen: Ein kompakter Überblick mit Aufgabensammlung},
	rights = {https://www.springer.com/tdm},
	isbn = {978-3-662-65628-0 978-3-662-65629-7},
	url = {https://link.springer.com/10.1007/978-3-662-65629-7},
	shorttitle = {Reelle Matrizen, Vektoren und lineare Abbildungen},
	publisher = {Springer Berlin Heidelberg},
	author = {Kunath, Jens},
	urldate = {2025-01-28},
	date = {2022},
	langid = {german},
	doi = {10.1007/978-3-662-65629-7},
	annotation = {Seite 69 - positive Definitheit von Matrizen

},
}

@misc{shewchuk_introduction_1994,
	title = {An Introduction to the Conjugate Gradient Method Without the Agonizing Pain},
	url = {https://www.cs.cmu.edu/~quake-papers/painless-conjugate-gradient.pdf},
	author = {Shewchuk, Jonath Richardan},
	date = {1994-08-04},
	langid = {english},
}

@book{epstein_partial_2017,
	location = {Cham},
	title = {Partial Differential Equations},
	rights = {http://www.springer.com/tdm},
	isbn = {978-3-319-55211-8 978-3-319-55212-5},
	url = {http://link.springer.com/10.1007/978-3-319-55212-5},
	series = {Mathematical Engineering},
	publisher = {Springer International Publishing},
	author = {Epstein, Marcelo},
	urldate = {2025-02-07},
	date = {2017},
	doi = {10.1007/978-3-319-55212-5},
	annotation = {Seite 115 - typische Form partieller Differentialgleichungen zweiter Ordnung
},
}

@book{ferziger_computational_2020,
	location = {Cham},
	title = {Computational Methods for Fluid Dynamics},
	rights = {http://www.springer.com/tdm},
	isbn = {978-3-319-99691-2 978-3-319-99693-6},
	url = {http://link.springer.com/10.1007/978-3-319-99693-6},
	publisher = {Springer International Publishing},
	author = {Ferziger, Joel H. and Perić, Milovan and Street, Robert L.},
	urldate = {2025-02-09},
	date = {2020},
	langid = {english},
	doi = {10.1007/978-3-319-99693-6},
}

@book{lecheler_computational_2022,
	location = {Wiesbaden},
	title = {Computational Fluid Dynamics: Getting Started Quickly With {ANSYS} {CFX} 18 Through Simple Examples},
	rights = {https://www.springernature.com/gp/researchers/text-and-data-mining},
	isbn = {978-3-658-38452-4 978-3-658-38453-1},
	url = {https://link.springer.com/10.1007/978-3-658-38453-1},
	shorttitle = {Computational Fluid Dynamics},
	publisher = {Springer Fachmedien Wiesbaden},
	author = {Lecheler, Stefan},
	urldate = {2025-02-10},
	date = {2022},
	langid = {english},
	doi = {10.1007/978-3-658-38453-1},
	annotation = {Seite 51 f. - zentrale Approximationen besser, akkurater

},
}

@article{kwak_computational_2005,
	title = {Computational challenges of viscous incompressible flows},
	volume = {34},
	issn = {0045-7930},
	url = {https://www.sciencedirect.com/science/article/pii/S0045793004000817},
	doi = {https://doi.org/10.1016/j.compfluid.2004.05.008},
	abstract = {Over the past 30 years, numerical methods and simulation tools for incompressible flows have been advanced as a subset of the computational fluid dynamics ({CFD}) discipline. Although incompressible flows are encountered in many areas of engineering, simulation of compressible flow has been the major driver for developing computational algorithms and tools. This is probably due to the rather stringent requirements for predicting aerodynamic performance characteristics of flight vehicles, while flow devices involving low-speed or incompressible flow could be reasonably well designed without resorting to accurate numerical simulations. As flow devices are required to be more sophisticated and highly efficient, {CFD} tools become increasingly important in fluid engineering for incompressible and low-speed flow. This paper reviews some of the successes made possible by advances in computational technologies during the same period, and discusses some of the current challenges faced in computing incompressible flows.},
	pages = {283--299},
	number = {3},
	journaltitle = {Computers \& Fluids},
	author = {Kwak, Dochan and Kiris, Cetin and Kim, Chang Sung},
	date = {2005},
	annotation = {Anwendungen der Euler-Gleichungen
},
}

@inreference{noauthor_euler-gleichungen_nodate,
	title = {Euler-Gleichungen (Strömungsmechanik)},
	url = {https://de.wikipedia.org/wiki/Euler-Gleichungen_(Strömungsmechanik)},
	booktitle = {Wikipedia},
	urldate = {2025-02-13},
	annotation = {Bedingungen für die Anwendung der Euler-Gleichungen
},
}

@book{korobkov_steady_2024,
	location = {Cham},
	title = {The Steady Navier-Stokes System: Basics of the Theory and the Leray Problem},
	rights = {https://www.springernature.com/gp/researchers/text-and-data-mining},
	isbn = {978-3-031-50897-4 978-3-031-50898-1},
	url = {https://link.springer.com/10.1007/978-3-031-50898-1},
	series = {Advances in Mathematical Fluid Mechanics},
	shorttitle = {The Steady Navier-Stokes System},
	publisher = {Springer Nature Switzerland},
	author = {Korobkov, Mikhail and Pileckas, Konstantin and Russo, Remigio},
	urldate = {2025-02-17},
	date = {2024},
	langid = {english},
	doi = {10.1007/978-3-031-50898-1},
	annotation = {Seite 13f. - Definition der schwachen Ableitung
},
}
